
@misc{noauthor_r:_nodate,
	title = {R: the r project for statistical computing},
	url = {https://www.r-project.org/},
	urldate = {2021-08-09},
}

@misc{noauthor_welcome_nodate,
	title = {Welcome to {Python}.org},
	url = {https://www.python.org/},
	abstract = {The official home of the Python Programming Language},
	language = {en},
	urldate = {2021-08-09},
	journal = {Python.org},
}

@misc{noauthor_empowering_nodate,
	title = {Empowering app development for developers {\textbar} docker},
	url = {https://www.docker.com/},
	abstract = {Learn how Docker helps developers bring their ideas to life by conquering the complexity of app development.},
	language = {en},
	urldate = {2021-08-09},
}

@misc{noauthor_github:_nodate,
	title = {{GitHub}: {Where} the world builds software},
	shorttitle = {Github},
	url = {https://github.com/},
	abstract = {GitHub is where over 65 million developers shape the future of software, together. Contribute to the open source community, manage your Git repositories, review code like a pro, track bugs and feat...},
	language = {en},
	urldate = {2021-08-09},
	journal = {GitHub},
}

@misc{noauthor_lesson_nodate,
	type = {Page},
	title = {Lesson 3: life tables — measure evaluation},
	shorttitle = {Lesson 3},
	url = {https://www.measureevaluation.org/resources/training/online-courses-and-resources/non-certificate-courses-and-mini-tutorials/multiple-decrement-life-tables/lesson-3.html},
	language = {en-us},
	urldate = {2021-08-09},
}

@misc{noauthor_mortality_nodate,
	title = {Mortality monitor {\textbar} institute and faculty of actuaries},
	url = {https://www.actuaries.org.uk/learn-and-develop/continuous-mortality-investigation/other-cmi-outputs/mortality-monitor},
	abstract = {The CMI publishes regular analyses of mortality in England \& Wales: },
	urldate = {2021-08-09},
}

@misc{noauthor_covid-19_nodate,
	title = {{COVID}-19 vaccine surveillance reports},
	url = {https://www.gov.uk/government/publications/covid-19-vaccine-surveillance-report},
	abstract = {Data on the real-world effectiveness and impact of the COVID-19 vaccines.},
	language = {en},
	urldate = {2021-08-09},
	journal = {GOV.UK},
}

@misc{noauthor_gnu_nodate,
	title = {The gnu general public license v3. 0 - gnu project - free software foundation},
	url = {https://www.gnu.org/licenses/gpl-3.0.en.html},
	urldate = {2021-08-09},
}

@misc{noauthor_home_nodate,
	title = {Home - eurostat},
	url = {https://ec.europa.eu/eurostat/},
	urldate = {2021-08-09},
}

@misc{noauthor_ine._nodate,
	title = {Ine. {Instituto} nacional de estadística},
	url = {https://ine.es/},
	abstract = {INE. Instituto Nacional de Estadística. National Statistics Institute. Spanish Statistical Office. El INE elabora y distribuye estadisticas de Espana. Este servidor contiene: Censos de Poblacion y Viviendas 2001, Informacion general, Productos de difusion, Espana en cifras, Datos coyunturales, Datos municipales, etc.. Q2016.es},
	language = {es},
	urldate = {2021-08-09},
	journal = {INE},
}

@misc{noauthor_github_nodate,
	title = {{GitHub} - dreth/tfm\_uc3m: {Repository} for my final master project at {UC3M}: "{Development} of an automatic tool for periodic surveillance of actuarial and demographic indicators"},
	shorttitle = {{GitHub} - dreth/tfm\_uc3m},
	url = {https://github.com/dreth/tfm_uc3m},
	abstract = {Repository for my final master project at UC3M: \&quot;Development of an automatic tool for periodic surveillance of actuarial and demographic indicators\&quot; - GitHub - dreth/tfm\_uc3m: Repository ...},
	language = {en},
	urldate = {2021-08-09},
	journal = {GitHub},
}

@misc{noauthor_github_nodate-1,
	title = {{GitHub} - dreth/tfm\_uc3m\_data: {Data} for my final master project: "{Development} of an automatic tool for periodic surveillance of actuarial and demographic indicators"},
	shorttitle = {{GitHub} - dreth/tfm\_uc3m\_data},
	url = {https://github.com/dreth/tfm_uc3m_data},
	abstract = {Data for my final master project: \&quot;Development of an automatic tool for periodic surveillance of actuarial and demographic indicators\&quot; - GitHub - dreth/tfm\_uc3m\_data: Data for my final ma...},
	language = {en},
	urldate = {2021-08-09},
	journal = {GitHub},
}

@misc{noauthor_pandas_nodate,
	title = {Pandas documentation — pandas 1. 3. 1 documentation},
	url = {https://pandas.pydata.org/pandas-docs/stable/index.html},
	urldate = {2021-08-09},
}
